@Manual{R-base,
  title = {R: A Language and Environment for Statistical
    Computing},
  author = {{R Core Team}},
  organization = {R Foundation for Statistical Computing},
  address = {Vienna, Austria},
  year = {2023},
  url = {https://www.R-project.org/},
}

@Manual{R-future,
  title = {future: Unified Parallel and Distributed
    Processing in R for Everyone},
  author = {Henrik Bengtsson},
  year = {2023},
  note = {R package version 1.33.1},
  url = {https://CRAN.R-project.org/package=future},
}

@Manual{R-GLCMTextures,
  title = {GLCMTextures: GLCM Textures of Raster Layers},
  author = {Alexander Ilich},
  year = {2023},
  note = {R package version 0.3.9,
    https://github.com/ailich/GLCMTextures},
  url = {https://ailich.github.io/GLCMTextures/},
}

@Manual{R-mlr3,
  title = {mlr3: Machine Learning in R - Next Generation},
  author = {Michel Lang and Bernd Bischl and Jakob Richter
    and Patrick Schratz and Martin Binder and Florian
    Pfisterer and Raphael Sonabend and Marc Becker},
  year = {2023},
  note = {R package version 0.17.1,
    https://github.com/mlr-org/mlr3},
  url = {https://mlr3.mlr-org.com},
}

@Manual{R-mlr3measures,
  title = {mlr3measures: Performance Measures for mlr3},
  author = {Michel Lang},
  year = {2022},
  note = {R package version 0.5.0},
  url = {https://CRAN.R-project.org/package=mlr3measures},
}

@Manual{R-mlr3tuningspaces,
  title = {mlr3tuningspaces: Search Spaces for mlr3},
  author = {Marc Becker},
  year = {2023},
  note = {R package version 0.4.0},
  url =
    {https://CRAN.R-project.org/package=mlr3tuningspaces},
}

@Manual{R-paradox,
  title = {paradox: Define and Work with Parameter Spaces
    for Complex Algorithms},
  author = {Michel Lang and Bernd Bischl and Jakob Richter
    and Xudong Sun and Martin Binder},
  year = {2023},
  note = {R package version 0.11.1,
    https://github.com/mlr-org/paradox},
  url = {https://paradox.mlr-org.com},
}

@Manual{R-Przewodnik,
  title = {Przewodnik: Datasets and Functions Used in the
    Book Przewodnik po Pakiecie R},
  author = {Przemyslaw Biecek},
  year = {2016},
  note = {R package version 0.16.12},
}

@Manual{R-ranger,
  title = {ranger: A Fast Implementation of Random
    Forests},
  author = {Marvin N. Wright and Stefan Wager and Philipp
    Probst},
  year = {2023},
  note = {R package version 0.16.0,
    https://github.com/imbs-hl/ranger},
  url = {http://imbs-hl.github.io/ranger/},
}

@Manual{R-sf,
  title = {sf: Simple Features for R},
  author = {Edzer Pebesma},
  year = {2023},
  note = {R package version 1.0-15,
    https://github.com/r-spatial/sf},
  url = {https://r-spatial.github.io/sf/},
}

@Manual{R-spatstat,
  title = {spatstat: Spatial Point Pattern Analysis,
    Model-Fitting, Simulation, Tests},
  author = {Adrian Baddeley and Rolf Turner and Ege Rubak},
  year = {2023},
  note = {R package version 3.0-7},
  url = {http://spatstat.org/},
}

@Manual{R-spatstat.random,
  title = {spatstat.random: Random Generation Functionality
    for the spatstat Family},
  author = {Adrian Baddeley and Rolf Turner and Ege Rubak
    and Tilman Davies},
  year = {2023},
  note = {R package version 3.2-2},
  url = {http://spatstat.org/},
}

@Manual{R-stars,
  title = {stars: Spatiotemporal Arrays, Raster and Vector
    Data Cubes},
  author = {Edzer Pebesma},
  year = {2023},
  note = {R package version 0.6-4},
  url = {https://CRAN.R-project.org/package=stars},
}

@Manual{R-terra,
  title = {terra: Spatial Data Analysis},
  author = {Robert J. Hijmans},
  year = {2023},
  note = {R package version 1.7-65},
  url = {https://rspatial.org/},
}

@Article{RJ-2021-048,
  author = {Henrik Bengtsson},
  title = {A Unifying Framework for Parallel and
    Distributed Processing in R using Futures},
  year = {2021},
  journal = {The R Journal},
  doi = {10.32614/RJ-2021-048},
  url = {https://doi.org/10.32614/RJ-2021-048},
  pages = {208--227},
  volume = {13},
  number = {2},
}

@Misc{GLCMTextures2020,
  author = {Alexander R. Ilich},
  title = {GLCMTextures},
  year = {2020},
  doi = {10.5281/zenodo.4310186},
  url = {https://github.com/ailich/GLCMTextures},
}

@Article{mlr3,
  title = {{mlr3}: A modern object-oriented machine
    learning framework in {R}},
  author = {Michel Lang and Martin Binder and Jakob Richter
    and Patrick Schratz and Florian Pfisterer and Stefan
    Coors and Quay Au and Giuseppe Casalicchio and Lars
    Kotthoff and Bernd Bischl},
  journal = {Journal of Open Source Software},
  year = {2019},
  month = {dec},
  doi = {10.21105/joss.01903},
  url =
    {https://joss.theoj.org/papers/10.21105/joss.01903},
}

@Article{ranger2017,
  title = {{ranger}: A Fast Implementation of Random
    Forests for High Dimensional Data in {C++} and {R}},
  author = {Marvin N. Wright and Andreas Ziegler},
  journal = {Journal of Statistical Software},
  year = {2017},
  volume = {77},
  number = {1},
  pages = {1--17},
  doi = {10.18637/jss.v077.i01},
}

@Book{sf2023,
  author = {Edzer Pebesma and Roger Bivand},
  title = {{Spatial Data Science: With applications in R}},
  year = {2023},
  publisher = {{Chapman and Hall/CRC}},
  url = {https://r-spatial.org/book/},
  doi = {10.1201/9780429459016},
}

@Article{sf2018,
  author = {Edzer Pebesma},
  title = {{Simple Features for R: Standardized Support for
    Spatial Vector Data}},
  year = {2018},
  journal = {{The R Journal}},
  doi = {10.32614/RJ-2018-009},
  url = {https://doi.org/10.32614/RJ-2018-009},
  pages = {439--446},
  volume = {10},
  number = {1},
}

@Book{spatstat2015,
  title = {Spatial Point Patterns: Methodology and
    Applications with {R}},
  author = {Adrian Baddeley and Ege Rubak and Rolf Turner},
  year = {2015},
  publisher = {Chapman and Hall/CRC Press},
  address = {London},
  isbn = {9781482210200},
  url =
    {https://www.routledge.com/Spatial-Point-Patterns-Methodology-and-Applications-with-R/Baddeley-Rubak-Turner/p/book/9781482210200/},
}

@Article{spatstat2013,
  title = {Hybrids of Gibbs Point Process Models and Their
    Implementation},
  author = {Adrian Baddeley and Rolf Turner and Jorge Mateu
    and Andrew Bevan},
  journal = {Journal of Statistical Software},
  year = {2013},
  volume = {55},
  number = {11},
  pages = {1--43},
  doi = {10.18637/jss.v055.i11},
}

@Article{spatstat2005,
  title = {{spatstat}: An {R} Package for Analyzing Spatial
    Point Patterns},
  author = {Adrian Baddeley and Rolf Turner},
  journal = {Journal of Statistical Software},
  year = {2005},
  volume = {12},
  number = {6},
  pages = {1--42},
  doi = {10.18637/jss.v012.i06},
}

@Book{spatstat.random2015,
  title = {Spatial Point Patterns: Methodology and
    Applications with {R}},
  author = {Adrian Baddeley and Ege Rubak and Rolf Turner},
  year = {2015},
  publisher = {Chapman and Hall/CRC Press},
  address = {London},
  isbn = {9781482210200},
  url =
    {https://www.routledge.com/Spatial-Point-Patterns-Methodology-and-Applications-with-R/Baddeley-Rubak-Turner/p/book/9781482210200/},
}

@Article{spatstat.random2013,
  title = {Hybrids of Gibbs Point Process Models and Their
    Implementation},
  author = {Adrian Baddeley and Rolf Turner and Jorge Mateu
    and Andrew Bevan},
  journal = {Journal of Statistical Software},
  year = {2013},
  volume = {55},
  number = {11},
  pages = {1--43},
  doi = {10.18637/jss.v055.i11},
}

@Article{spatstat.random2005,
  title = {{spatstat}: An {R} Package for Analyzing Spatial
    Point Patterns},
  author = {Adrian Baddeley and Rolf Turner},
  journal = {Journal of Statistical Software},
  year = {2005},
  volume = {12},
  number = {6},
  pages = {1--42},
  doi = {10.18637/jss.v012.i06},
}

@Book{stars2023,
  title = {{Spatial Data Science: With applications in R}},
  author = {Edzer Pebesma and Roger Bivand},
  year = {2023},
  publisher = {Chapman and Hall/CRC},
  address = {London},
  url = {https://r-spatial.org/book/},
  pages = {352},
  doi = {10.1201/9780429459016},
}

